@article{dijkstra1959note,
	title={A note on two problems in connexion with graphs},
	author={Dijkstra, E. W.},
	journal={Numerische Mathematik},
	volume={1},
	number={1},
	pages={269--271},
	year={1959},
}

@article{hart1968formal,
	title={A formal basis for the heuristic determination of minimum cost paths},
	author={Hart, P. E. and Nilsson, N. J. and Raphael, B.},
	journal={IEEE Transactions on Systems Science and Cybernetics},
	volume={4},
	number={2},
	pages={100--107},
	year={1968},
}

@book{cormen2009introduction,
	title={Introduction to Algorithms},
	author={Cormen, T. H. and Leiserson, C. E. and Rivest, R. L. and Stein, C.},
	year={2009},
	edition={3},
	publisher={MIT Press},
}

@article{bellman1958routing,
	title={On a routing problem},
	author={Bellman, R.},
	journal={Quarterly of Applied Mathematics},
	volume={16},
	number={1},
	pages={87--90},
	year={1958},
}

@online{astar_wikipedia,
	author    = {Wikipedia},
	title     = {A* Search Algorithm},
	year      = {2023},
	url       = {https://en.wikipedia.org/wiki/A*_search_algorithm},
	note      = {}
}

@online{bellman_ford_wikipedia,
	author    = {Wikipedia},
	title     = {Bellman–Ford Algorithm},
	year      = {2023},
	url       = {https://en.wikipedia.org/wiki/Bellman%E2%80%93Ford_algorithm},
	note      = {}
}

@online{floyd_warshall_wikipedia,
	author    = {Wikipedia},
	title     = {Floyd–Warshall Algorithm},
	year      = {2023},
	url       = {https://en.wikipedia.org/wiki/Floyd%E2%80%93Warshall_algorithm},
	note      = {}
}


